% - 1c4de09b86a05062127c68a7662e3ba53251
@article{vijayarani2015preprocessing,
	title={Preprocessing techniques for text mining-an overview},
	author={Vijayarani, S and Ilamathi, Ms J and Nithya, Ms},
	journal={International Journal of Computer Science \& Communication Networks},
	volume={5},
	number={1},
	pages={7--16},
	year={2015}
}

% - PreprocessingTechniquesforTextMining
@article{kannan2014preprocessing,
	title={Preprocessing techniques for text mining},
	author={Kannan, Subbu and Gurusamy, Vairaprakash},
	journal={International Journal of Computer Science \& Communication Networks},
	volume={5},
	number={1},
	pages={7--16},
	year={2014}
}

% - Natural_Language_Processing_State_of_The_Art_Curre.pdf
@article{state_of_the_art,
	author = {Khurana, Diksha and Koli, Aditya and Khatter, Kiran and Singh, Sukhdev},
	year = {2017},
	month = {08},
	pages = {},
	title = {Natural Language Processing: State of The Art, Current Trends and Challenges}
}

% - [Manning_C.D.,_Schütze_H.]_Foundations_of_Statist(BookFi)
@book{statistical,
   title =     {Foundations of Statistical Natural Language Processing},
   author =    {Manning C.D., Schütze H.},
   publisher = {},
   isbn =      {0026213360},
   year =      {1999},
   series =    {},
   edition =   {},
   volume =    {},
   url =	   {}
}

% - Mary_Dee_Harris__Introduction_to_Natural_Language_BookFi_
@book{book:25238,
	title =     {Introduction to Natural Language Processing},
	author =    {Mary Dee Harris},
	publisher = {Reston Pub. Co},
	isbn =      {9780835932547,0-8359-3254-0},
	year =      {1985},
	series =    {},
	edition =   {},
	volume =    {},
	url =       {}
}

% - collobert11a
@article{JMLR:v12:collobert11a,
	author  = {Ronan Collobert and Jason Weston and L{{\'e}}on Bottou and Michael Karlen and Koray Kavukcuoglu and Pavel Kuksa},
	title   = {Natural Language Processing (Almost) from Scratch},
	journal = {Journal of Machine Learning Research},
	year    = {2011},
	volume  = {12},
	number  = {76},
	pages   = {2493-2537},
	url     = {http://jmlr.org/papers/v12/collobert11a.html}
}

% - word2vec_paper
@article{mikolov2013efficient,
	title={Efficient estimation of word representations in vector space},
	author={Mikolov, Tomas and Chen, Kai and Corrado, Greg and Dean, Jeffrey},
	journal={arXiv preprint arXiv:1301.3781},
	year={2013}
}

% - glove_paper
@inproceedings{pennington-etal-2014-glove,
	title = "{G}love: Global Vectors for Word Representation",
	author = "Pennington, Jeffrey  and
	Socher, Richard  and
	Manning, Christopher",
	booktitle = "Proceedings of the 2014 Conference on Empirical Methods in Natural Language Processing ({EMNLP})",
	month = oct,
	year = "2014",
	address = "Doha, Qatar",
	publisher = "Association for Computational Linguistics",
	url = "https://www.aclweb.org/anthology/D14-1162",
	doi = "10.3115/v1/D14-1162",
	pages = "1532--1543",
}

% - fasttext
% - https://github.com/facebookresearch/fastText/